@inproceedings{shin2008hybrid,
  title= {A hybrid actuation approach for human-friendly robot design},
  author={Shin, Dongjun and Sardellitti, Irene and Khatib, Oussama},
  booktitle={Robotics and Automation, 2008. ICRA 2008. IEEE International Conference on},
  pages={1747--1752},
  year={2008},
  organization={IEEE},
}

@article{fox1997dynamic,
  title={The dynamic window approach to collision avoidance},
  author={Fox, Dieter and Burgard, Wolfram and Thrun, Sebastian},
  journal={IEEE Robotics \& Automation Magazine},
  volume={4},
  number={1},
  pages={23--33},
  year={1997},
  publisher={IEEE},
}

@article{vereshchagin1989modeling,
	title={MODELING AND CONTROL OF MOTION OF MANIPULATIONAL ROBOTS},
	author={Vereshchagin, AF},
	journal={SOVIET JOURNAL OF COMPUTER AND SYSTEMS SCIENCES},
	volume={27},
	number={5},
	pages={29--38},
	year={1989},
	publisher={SCRIPTA TECHNICA PUBL 7961 EASTERN AVE, SILVER SPRING, MD 20910}
}
@inproceedings{bruyninckx2000gauss,
	title={Gauss' principle and the dynamics of redundant and constrained manipulators},
	author={Bruyninckx, Herman and Khatib, Oussama},
	booktitle={Robotics and Automation, 2000. Proceedings. ICRA'00. IEEE International Conference on},
	volume={3},
	pages={2563--2568},
	year={2000},
	organization={IEEE}
}

@incollection{gauss1877neues,
	title={{\"U}ber Ein Neues Allgemeines Grundgesetz der Mechanik},
	author={Gauss, Carl Friedrich},
	booktitle={Werke},
	pages={23--28},
	year={1877},
	publisher={Springer}
}
@Inbook{Ramm2014,
	author="Ramm, Ekkehard",
	editor="Stein, Erwin",
	title="Principles of Least Action and of Least Constraint",
	bookTitle="The History of Theoretical, Material and Computational Mechanics - Mathematics Meets Mechanics and Engineering",
	year="2014",
	publisher="Springer Berlin Heidelberg",
	address="Berlin, Heidelberg",
	pages="23--43",
	abstract="The present contribution describes the evolution of two major extremum principles in mechanics proposed in the 18th and the first half of the 19th century. In the first part the essay describes the scientific controversy on the Principle of Least Action associated with the name of Maupertuis, certainly one the most documented affairs in the history of sciences. In this scientific dispute at the Prussian Royal Academy of Sciences in Berlin in the early 1750ies the allegation for plagiarism and forgery played a central role. The second part focuses on the Principle of Least Constraint proposed by Gauss in a short article in the Journal f{\"u}r die reine und angewandte Mathematik in 1829. Its affinity to the Least Square Method and its relation to d'Alembert's Principle are outlined.",
	isbn="978-3-642-39905-3",
	doi="10.1007/978-3-642-39905-3_2",
	url="https://doi.org/10.1007/978-3-642-39905-3_2"
}
@article{shakhimardanov2015composable,
	title={Composable robot motion stack: Implementing constrained hybrid dynamics using semantic models of kinematic chains},
	author={Shakhimardanov, Azamat},
	year={2015}
}
@book{featherstone2014rigid,
	title={Rigid body dynamics algorithms},
	author={Featherstone, Roy},
	year={2014},
	publisher={Springer}
}
@article{gavin2012constrained,
	title={Constrained optimization using lagrange multipliers},
	author={Gavin, Henri P and Scruggs, Jeffrey T},
	journal={CEE 201L. Duke University},
	year={2012}
}
@book{lagrange1853mecanique,
	title={M{\'e}canique analytique},
	author={Lagrange, Joseph Louis},
	volume={1},
	year={1853},
	publisher={Mallet-Bachelier}
}
@book{bertsekas1996dynamic,
	title={Dynamic programming and optimal control},
	author={Bertsekas, Dimitri P and others},
	volume={1},
	year={1996},
	publisher={Athena Scientific Belmont, Massachusetts}
}
@book{bertsekas2014constrained,
	title={Constrained optimization and Lagrange multiplier methods},
	author={Bertsekas, Dimitri P},
	year={2014},
	publisher={Academic press}
}
@book{bellman2013dynamic,
	title={Dynamic programming},
	author={Bellman, Richard},
	year={2013},
	publisher={Courier Corporation}
}
@misc{popov1978robot,
	title={Robot Manipulators: Dynamics and Algorithms},
	author={Popov, EP and Vereshchagin, AF and Zenkevich, SL},
	year={1978},
	publisher={Nauka, Moscow}
}
@article{vukcevic2018extending,
	title={Extending a constrained hybrid dynamics solver for energy-optimal robot motions in the presence of static friction},
	author={Vukcevic, Djordje},
	journal={Technical Report/Hochschule Bonn-Rhein-Sieg-University of Applied Sciences, Department of Computer Science},
	year={2018},
	publisher={Hochschule Bonn-Rhein-Sieg}
}
@inproceedings{albu2002cartesian,
	title={Cartesian impedance control techniques for torque controlled light-weight robots},
	author={Albu-Schaffer, Alin and Hirzinger, Gerd},
	booktitle={Robotics and Automation, 2002. Proceedings. ICRA'02. IEEE International Conference on},
	volume={1},
	pages={657--663},
	year={2002},
	organization={IEEE}
}
@manual{manual-mpo,
	title={MPO-700-Operating Manual.odm},
	 }
	 
@book{siciliano2016springer,
	title={Springer handbook of robotics},
	author={Siciliano, Bruno and Khatib, Oussama},
	year={2016},
	publisher={Springer}
}
	
@article{sentis2005synthesis,
	title={Synthesis of whole-body behaviors through hierarchical control of behavioral primitives},
	author={Sentis, Luis and Khatib, Oussama},
	journal={International Journal of Humanoid Robotics},
	volume={2},
	number={04},
	pages={505--518},
	year={2005},
	publisher={World Scientific}
}

	
@article{de2007constraint,
	title={Constraint-based task specification and estimation for sensor-based robot systems in the presence of geometric uncertainty},
	author={De Schutter, Joris and De Laet, Tinne and Rutgeerts, Johan and Decr{\'e}, Wilm and Smits, Ruben and Aertbeli{\"e}n, Erwin and Claes, Kasper and Bruyninckx, Herman},
	journal={The International Journal of Robotics Research},
	volume={26},
	number={5},
	pages={433--455},
	year={2007},
	publisher={Sage Publications Sage UK: London, England}
}

@article{featherstone1984robot,
	title={Robot dynamics algorithms},
	author={Featherstone, Roy},
	year={1984},
	publisher={The University of Edinburgh}
}
@inproceedings{featherstone2000robot,
	title={Robot dynamics: equations and algorithms},
	author={Featherstone, Roy and Orin, David},
	booktitle={Robotics and Automation, 2000. Proceedings. ICRA'00. IEEE International Conference on},
	volume={1},
	pages={826--834},
	year={2000},
	organization={IEEE}
}
@article{walker1982efficient,
	title={Efficient dynamic computer simulation of robotic mechanisms},
	author={Walker, Michael W and Orin, David E},
	journal={Journal of Dynamic Systems, Measurement, and Control},
	volume={104},
	number={3},
	pages={205--211},
	year={1982},
	publisher={American Society of Mechanical Engineers}
}
@article{mason1981compliance,
	title={Compliance and force control for computer controlled manipulators},
	author={Mason, Matthew T},
	journal={IEEE Transactions on Systems, Man, and Cybernetics},
	volume={11},
	number={6},
	pages={418--432},
	year={1981},
	publisher={IEEE}
}
@article{de1988compliant,
	title={Compliant robot motion I. A formalism for specifying compliant motion tasks},
	author={De Schutter, Joris and Van Brussel, Hendrik},
	journal={The International Journal of Robotics Research},
	volume={7},
	number={4},
	pages={3--17},
	year={1988},
	publisher={Sage Publications Sage CA: Thousand Oaks, CA}
}
@article{kroger2004compliant,
	title={Compliant motion programming: The task frame formalism revisited},
	author={Kr{\"o}ger, Torsten and Finkemeyer, Bernd and Thomas, Ulrike and Wahl, Friedrich M},
	journal={Mechatronics \& Robotics, Aachen, Germany},
	year={2004},
	publisher={Citeseer}
}
@article{bruyninckx1995kinematic,
	title={Kinematic models for robot compliant motion with identification of uncertainties},
	author={Bruyninckx, Herman and others},
	journal={PhD thesis, KU Leuven, Department of Mechanical Engineering},
	year={1995}
}
@inproceedings{prats2007task,
	title={Task-oriented grasping using hand preshapes and task frames},
	author={Prats, Mario and Sanz, Pedro J and Del Pobil, Angel P},
	booktitle={Robotics and Automation, 2007 IEEE International Conference on},
	pages={1794--1799},
	year={2007},
	organization={IEEE}
}
@article{maass2006open,
	title={Open modular robot control architecture for assembly using the task frame formalism},
	author={Maa{\ss}, Jochen and Kohn, Nnamdi and Hesselbach, J{\"u}rgen},
	journal={International Journal of advanced robotic systems},
	volume={3},
	number={1},
	pages={2},
	year={2006},
	publisher={SAGE Publications Sage UK: London, England}
}
@inproceedings{kroger2004task,
	title={A task frame formalism for practical implementations},
	author={Kr{\"o}ger, Torsten and Finkemeyer, Bernd and Wahl, Friedrich M},
	booktitle={IEEE International Conference on Robotics and Automation},
	volume={5},
	pages={5218--5223},
	year={2004},
	organization={Citeseer}
}

@article{bruyninckx1996specification,
	title={Specification of force-controlled actions in the" task frame formalism"-a synthesis},
	author={Bruyninckx, Herman and De Schutter, Joris},
	journal={IEEE transactions on robotics and automation},
	volume={12},
	number={4},
	pages={581--589},
	year={1996},
	publisher={IEEE}
}

@article{doi:10.1177/027836498800700402,
	author = {Schutter, J De and Brussel, H Van},
	doi = {10.1177/027836498800700402},
	journal = {The International Journal of Robotics Research},
	number = {4},
	pages = {18--33},
	title = {{Compliant Robot Motion II. A Control Approach Based on External Control Loops}},
	url = {https://doi.org/10.1177/027836498800700402},
	volume = {7},
	year = {1988}
}

@online{KDLopensource,
	title = {\emph{Kinematics and Dynamics (KDL)}},
	author = {R. Smits, E. Aertbelien, H. Bruyninckx and A. Shakhimardanov},
	note = {[Online] Last Accessed:~2018-12-30},
	url = {http://www.orocos.org/kdl}		
}

@online{kinematictreeKDL,
	title = {\emph{Kinematic Trees:The Orocos Project}},
	note = {[Online] Last Accessed:~2018-12-31},
	url = {http://www.orocos.org/wiki/main-page/kdl-wiki/user-manual/kinematic-trees}		
}

@manual{MPO700,
	title = {\emph{MPO-700-Operating Manual}},
	note = {Version 2.4.3, edited 23. April 2018 in Heilbronn, Germany},
	url = {www.neobotix-roboter.de}	
	}

@online{Neobotix-homepage,
	title = {\emph{Omni-directional robot MPO-700}},
	note = {[Online] Last Accessed:~2019-01-02},
	url = {https://www.neobotix-robots.com/omnidirectional-robot-mpo-700.html}	
	}
	
@manual{MPO700-Datasheet,
	title = {\emph{Neobotix GmbH, MPO-700-Datenblatt}},
	note = {Weipertstr. 8-10, 74076 Heilbronn, Germany. Available: \url{https://www.neobotix.de}}
}
@article{mansard2009unified,
	title={A unified approach to integrate unilateral constraints in the stack of tasks},
	author={Mansard, Nicolas and Khatib, Oussama and Kheddar, Abderrahmane},
	journal={IEEE Transactions on Robotics},
	volume={25},
	number={3},
	pages={670--685},
	year={2009},
	publisher={IEEE}
}
@inproceedings{mansard2009versatile,
	title={A versatile generalized inverted kinematics implementation for collaborative working humanoid robots: The stack of tasks},
	author={Mansard, Nicolas and Stasse, Olivier and Evrard, Paul and Kheddar, Abderrahmane},
	booktitle={Advanced Robotics, 2009. ICAR 2009. International Conference on},
	pages={1--6},
	year={2009},
	organization={IEEE}
}
@inproceedings{ramos2011dynamic,
	title={Dynamic motion capture and edition using a stack of tasks},
	author={Ramos, Oscar E and Saab, Layale and Hak, Sovannara and Mansard, Nicolas},
	booktitle={Humanoid Robots (Humanoids), 2011 11th IEEE-RAS International Conference on},
	pages={224--230},
	year={2011},
	organization={IEEE}
}
@article{chaumette2001redundancy,
	title={A redundancy-based iterative approach for avoiding joint limits: Application to visual servoing},
	author={Chaumette, Fran{\c{c}}ois and Marchand, {\'E}ric},
	journal={IEEE Transactions on Robotics and Automation},
	volume={17},
	number={5},
	pages={719--730},
	year={2001}
}
@inproceedings{marchand1998dynamic,
	title={Dynamic sensor planning in visual servoing},
	author={Marchand, Eric and Hager, Gregory D},
	booktitle={Robotics and Automation, 1998. Proceedings. 1998 IEEE International Conference on},
	volume={3},
	pages={1988--1993},
	year={1998},
	organization={IEEE}
}
@article{padois2007kinematic,
	title={Kinematic and dynamic model-based control of wheeled mobile manipulators: A unified framework for reactive approaches},
	author={Padois, Vincent and Fourquet, J-Y and Chiron, Pascale},
	journal={Robotica},
	volume={25},
	number={2},
	pages={157--173},
	year={2007},
	publisher={Cambridge University Press}
}
@inproceedings{saab2011generic,
	title={Generic dynamic motion generation with multiple unilateral constraints},
	author={Saab, Layale and Ramos, O and Mansard, Nicolas and Sou{\`e}res, Philippe and Fourquet, Jean-Yves},
	booktitle={Intelligent Robots and Systems (IROS), 2011 IEEE/RSJ International Conference on},
	pages={4127--4133},
	year={2011},
	organization={IEEE}
}
@article{saab2013dynamic,
	title={Dynamic whole-body motion generation under rigid contacts and other unilateral constraints},
	author={Saab, Layale and Ramos, Oscar E and Keith, Fran{\c{c}}ois and Mansard, Nicolas and Soueres, Philippe and Fourquet, Jean-Yves},
	journal={IEEE Transactions on Robotics},
	volume={29},
	number={2},
	pages={346--362},
	year={2013},
	publisher={IEEE}
}
@article{de2007constraint,
	title={Constraint-based task specification and estimation for sensor-based robot systems in the presence of geometric uncertainty},
	author={De Schutter, Joris and De Laet, Tinne and Rutgeerts, Johan and Decr{\'e}, Wilm and Smits, Ruben and Aertbeli{\"e}n, Erwin and Claes, Kasper and Bruyninckx, Herman},
	journal={The International Journal of Robotics Research},
	volume={26},
	number={5},
	pages={433--455},
	year={2007},
	publisher={Sage Publications Sage UK: London, England}
}
@incollection{smits2009itasc,
	title={itasc: A tool for multi-sensor integration in robot manipulation},
	author={Smits, Ruben and De Laet, Tinne and Claes, Kasper and Bruyninckx, Herman and De Schutter, Joris},
	booktitle={Multisensor Fusion and Integration for Intelligent Systems},
	pages={235--254},
	year={2009},
	publisher={Springer}
}
@inproceedings{decre2013extending,
	title={Extending the iTaSC constraint-based robot task specification framework to time-independent trajectories and user-configurable task horizons},
	author={Decr{\'e}, Wilm and Bruyninckx, Herman and De Schutter, Joris},
	booktitle={Robotics and Automation (ICRA), 2013 IEEE International Conference on},
	pages={1941--1948},
	year={2013},
	organization={IEEE}
}
@inproceedings{decre2009extending,
	title={Extending iTaSC to support inequality constraints and non-instantaneous task specification},
	author={Decr{\'e}, Wilm and Smits, Ruben and Bruyninckx, Herman and De Schutter, Joris},
	booktitle={Robotics and Automation, 2009. ICRA'09. IEEE International Conference on},
	pages={964--971},
	year={2009},
	organization={IEEE}
}
@inproceedings{han2017interaction,
	title={Interaction Control for Manipulator with compliant end-effector based on hybrid position-force control},
	author={Han, Dingqiang and Duan, Xingguang and Li, Meng and Cui, Tengfei and Ma, Anji and Ma, Xiaodong},
	booktitle={Mechatronics and Automation (ICMA), 2017 IEEE International Conference on},
	pages={863--868},
	year={2017},
	organization={IEEE}
}
@inproceedings{vanthienen2011itasc,
	title={iTaSC as a unified framework for task specification, control, and coordination, demonstrated on the PR2},
	author={Vanthienen, Dominick and De Laet, Tinne and Decr{\'e}, Wilm and Smits, Ruben and Klotzb{\"u}cher, Markus and Buys, Koen and Bellens, Steven and Gherardi, Luca and Bruyninckx, Herman and De Schutter, Joris},
	booktitle={IEEE/RSJ International Conference on Intelligent Robots and Systems (IROS 2011).},
	year={2011}
}
@inproceedings{somani2016task,
	title={Task level robot programming using prioritized non-linear inequality constraints},
	author={Somani, Nikhil and Rickert, Markus and Gaschler, Andre and Cai, Caixia and Perzylo, Alexander and Knoll, Alois},
	booktitle={Proceedings of the IEEE/RSJ International Conference on Intelligent Robots and Systems (IROS)},
	year={2016}
}
@online{itasc-software,
	title = {The \emph{iTaSC} software},
	note = {[Online] Last Accessed: 2019-01-03},
	url = {http://www.orocos.org/wiki/orocos/itasc-wiki/2-itasc-software}	
	}
@inproceedings{borenstein1990real,
	title={Real-time obstacle avoidance for fast mobile robots in cluttered environments},
	author={Borenstein, Johann and Koren, Yoram},
	booktitle={Robotics and Automation, 1990. Proceedings., 1990 IEEE International Conference on},
	pages={572--577},
	year={1990},
	organization={IEEE}
}
@inproceedings{adouane2011mobile,
	title={Mobile robot navigation in cluttered environment using reactive elliptic trajectories},
	author={Adouane, Lounis and Benzerrouk, Ahmed and Martinet, Philippe},
	booktitle={18th IFAC World Congress},
	year={2011}
}
@article{fox1997dynamic,
	title={The dynamic window approach to collision avoidance},
	author={Fox, Dieter and Burgard, Wolfram and Thrun, Sebastian},
	journal={IEEE Robotics \& Automation Magazine},
	volume={4},
	number={1},
	pages={23--33},
	year={1997},
	publisher={IEEE}
}
@article{asensio2002kinematic,
	title={A kinematic and dynamic model-based motion controller for mobile robots},
	author={Asensio, JR and Montano, L},
	journal={IFAC Proceedings Volumes},
	volume={35},
	number={1},
	pages={427--432},
	year={2002},
	publisher={Elsevier}
}
@article{campion1996structural,
	title={Structural properties and classification of kinematic and dynamic models of wheeled mobile robots},
	author={Campion, Guy and Bastin, Georges and Dandrea-Novel, Brigitte},
	journal={IEEE transactions on robotics and automation},
	volume={12},
	number={1},
	pages={47--62},
	year={1996},
	publisher={IEEE}
}
@article{ge2002dynamic,
	title={Dynamic motion planning for mobile robots using potential field method},
	author={Ge, Shuzhi Sam and Cui, Yun J},
	journal={Autonomous robots},
	volume={13},
	number={3},
	pages={207--222},
	year={2002},
	publisher={Springer}
}
@article{borenstein1989real,
	title={Real-time obstacle avoidance for fast mobile robots},
	author={Borenstein, Johann and Koren, Yoram},
	journal={IEEE Transactions on systems, Man, and Cybernetics},
	volume={19},
	number={5},
	pages={1179--1187},
	year={1989},
	publisher={IEEE}
}
@article{julia2008local,
	title={Local minima detection in potential field based cooperative multirobot exploration},
	author={Juli{\'a}, Miguel and Gil, Arturo and Pay{\'a}, Luis and Reinoso, Oscar},
	journal={International Journal of Factory Automation, Robotics and Soft Computing},
	volume={3},
	year={2008}
}
@article{park2003new,
	title={A new technique to escape local minimum in artificial potential field based path planning},
	author={Park, Min Gyu and Lee, Min Cheol},
	journal={KSME international journal},
	volume={17},
	number={12},
	pages={1876--1885},
	year={2003},
	publisher={Springer}
}
@article{khatib1987unified,
	title={A unified approach for motion and force control of robot manipulators: The operational space formulation},
	author={Khatib, Oussama},
	journal={IEEE Journal on Robotics and Automation},
	volume={3},
	number={1},
	pages={43--53},
	year={1987},
	publisher={IEEE}
}
@article{kreutz1992recursive,
	title={Recursive formulation of operational space control},
	author={Kreutz-Delgado, K and Jain, Abhinandan and Rodriguez, Guillermo},
	journal={The International journal of robotics research},
	volume={11},
	number={4},
	pages={320--328},
	year={1992},
	publisher={Sage Publications Sage CA: Thousand Oaks, CA}
}
@article{khatib2004whole,
	title={Whole-body dynamic behavior and control of human-like robots},
	author={Khatib, Oussama and Sentis, Luis and Park, Jaeheung and Warren, James},
	journal={International Journal of Humanoid Robotics},
	volume={1},
	number={01},
	pages={29--43},
	year={2004},
	publisher={World Scientific}
}
@article{khatib1987optimization,
	title={Optimization of dynamics in manipulator design: The operational space formulation.},
	author={Khatib, Oussama and Burdick, Joel},
	journal={INT. J. ROBOTICS AUTOM.},
	volume={2},
	number={2},
	pages={90--98},
	year={1987}
}
@inproceedings{chang2000operational,
	title={Operational space dynamics: Efficient algorithms for modeling and control of branching mechanisms},
	author={Chang, Kyong-Sok and Khatib, Oussama},
	booktitle={Robotics and Automation, 2000. Proceedings. ICRA'00. IEEE International Conference on},
	volume={1},
	pages={850--856},
	year={2000},
	organization={IEEE}
}
@inproceedings{sentis2006whole,
	title={A whole-body control framework for humanoids operating in human environments},
	author={Sentis, Luis and Khatib, Oussama},
	booktitle={Robotics and Automation, 2006. ICRA 2006. Proceedings 2006 IEEE International Conference on},
	pages={2641--2648},
	year={2006},
	organization={IEEE}
}
@article{sentis2005synthesis,
	title={Synthesis of whole-body behaviors through hierarchical control of behavioral primitives},
	author={Sentis, Luis and Khatib, Oussama},
	journal={International Journal of Humanoid Robotics},
	volume={2},
	number={04},
	pages={505--518},
	year={2005},
	publisher={World Scientific}
}
@inproceedings{khatib2008unified,
	title={A unified framework for whole-body humanoid robot control with multiple constraints and contacts},
	author={Khatib, Oussama and Sentis, Luis and Park, Jae-Heung},
	booktitle={European Robotics Symposium 2008},
	pages={303--312},
	year={2008},
	organization={Springer}
}
@article{article,
	author = {{F. Vereshchagin}, A},
	journal = {Eng Cybern},
	title = {{Computer simulation of the dynamics of complicated mechan-sisms of robot manipulators}},
	volume = {12},
	year = {1974}
}
@book{newton1833philosophiae,
	title={Philosophiae naturalis principia mathematica},
	author={Newton, Isaac},
	volume={1},
	year={1833},
	publisher={G. Brookman}
}
@book{craig2005introduction,
	title={Introduction to robotics: mechanics and control},
	author={Craig, John J},
	volume={3},
	year={2005},
	publisher={Pearson/Prentice Hall Upper Saddle River, NJ, USA:}
}
@article{felis2017rbdl,
	title={RBDL: an efficient rigid-body dynamics library using recursive algorithms},
	author={Felis, Martin L},
	journal={Autonomous Robots},
	volume={41},
	number={2},
	pages={495--511},
	year={2017},
	publisher={Springer}
}
@online{pinocio,
	title = {Pinocchio Library},
	author = {N. Mansard and F. Valenza},
	note = {Accessed: 2019-01-05 [Online]},	
	url = {https://stack-of-tasks.github.io/pinocchio/}	
}